@PhdThesis{Steininger:pke05,
  author = 	 {Harald Steininger},
  title = 	 {2-Pyridon-katalysierte Esteraminolyse},
  school = 	 {Ludwig-Maximilians-Universität M\"unchen},
  year = 	 2005}
