@inproceedings{HilKohSta:copmem06,
  author = 	 {Eberhard Hilf and Michael Kohlhase and Heinrich Stamerjohanns},
  title = 	 {Capturing the Content of Physics: Systems, Observables, and Experiments},
  crossref =     {MKM06},
  year = 	 2006}

@Proceedings{MKM06,
  title = 	 {Mathematical Knowledge Management, MKM'06},
  booktitle = 	 {Mathematical Knowledge Management, MKM'06},
  year = 	 2006,
  editor =	 {Jon Borwein and William M. Farmer},
  series =	 {LNAI},
%  number =       ????,
note = {in press}
  publisher =	 {Springer Verlag}
}
