% Auszug aus ~hilf/pub-hilf/pub-hilf.bib

%[2] Zu einem verlustfreien Publizieren und Archivieren - Mathematische Aussagen in Physik und Chemie;
%Julika Mimkes, Eberhard R. Hilf;
%in: MathDiss International; Workshop at SUB Goettingen 2002;
%http://www.isn-oldenburg.de/~hilf/vortraege/mathdiss02/

%[3] Kann man TeX beibringen, Physik zu verstehen?;
%Eberhard R. Hilf;
%in: Der Aufbau eines deutschen TeXDoC-Centers an der SUB Goettingen, - Chancen von TeX-Dokumenten fuer eine dauerhafte Verwertung und Publikation; Workshop des DFG-TeXDoC-Projektes; Die Deutsche Bibliothek Frankfurt; 2005;
%http://www.isn-oldenburg.de/~hilf/vortraege/texdocc05/

%[4] Towards a Physics Markup Language;
%Eberhard R. Hilf; Thomas Severiens, Michael Schlenker;
%in: MKM Mathematical Knowledge Management; Sesame 2005 Workshop Bremen;
%http://www.mkm-ig.org/meetings/sesame05/ ; talk at:
%http://www.isn-oldenburg.de/~hilf/vortraege/sesame05/sesame-0.html

%[5] Zu einem verlustfreien Publizieren und Archivieren mathematischer Aussagen in eLearning-Modulen;
%Eberhard R. Hilf, Julika Mimkes;
%Die Zukunft des wissenschaftlichen Publizierens -Vom Publizieren zum Austausch von Informationen in der Wissenschaft; Workshop des Projektes Physik multimedia; Guestrow 2003;
%http://www.isn-oldenburg.de/~hilf/vortraege/guestrow03/guestrow03-scroll.html
%
:::::::::::::::::::::::::::::::::::::::::::::::::::::::::::                                         
%noch nicht in pub-hilf
@Misc{hilf-2000-n,
key   = {physik},
author = {Eberhard R. Hilf},
title  = {Einf\"uhrung in die theoretische Physik},
\url   = {http://physnet.uni-oldenburg.de/~hilf/lehre/einf/einf/einf.html},
note   = {Vorlesung f\"ur Erstsemester Physik, Carl von Ossietzky Universit\"at Oldenburg},
year   = 2000
}

%nicht teil der Liste
@masterthesis{kleihaus,
key   = {physik},
author = {Burkhard Kleihaus},
title   = {Darstellung von Spin-1/2-Feldern im Clifford-Algebra-B\"undel},
howpublished = {Diplomarbeit (Masterthesis)},
editor   = {Small Systems Group Oldenburg},
year   = 1986
}

%2006-3
%zitiert inf
@Misc{HilKohSta:copmem06,
key      = {inf},
author      = {Eberhard R. Hilf and Michael Kohlhase and Heinrich Stamerjohanns},
title       = {{Capturing the Content of Physics: Systems, Observables, and Experiments}},
booktitle    = {Mathematical Knowledge Management, MKM'06},
editor       = {Jon Borwein and William M. Farmer},
series       = {LNAI Lecture Notes in Computer Science 4108},
note         = {DOI 10.1007/11812289_14; preprint at \url{http://www.isn-oldenburg.de/\~hilf/vortraege/mkm06-paper.pdf}},
publisher   = {Springer Verlag},
year        = 2006
}


%2005-2
%zitiert?
@Misc{Hilf2005a,
key         = {inf},
  author    = {Eberhard R. Hilf},
  title     = {{Kann man TeX beibringen, Physik zu verstehen?}},
  booktitle = {{Der Aufbau eines deutschen TeXDoc-Centers an der SUB G\"ottingen, - Chancen von TeX-Dokumenten f\"ur eine dauerhafte Verwertung und Publikation}},
  publisher = {{Workshop des DFG-TeXDocC-Projektes, Die Deutsche Bibliothek Frankfurt}},
  url       = {http://www.isn-oldenburg.de/~hilf/vortraege/texdocc05/},
 year       = {{10. Mai 2005}}
}

                       % 2003
%2003-1
@Misc{Hilf2003a,
author   = {Hilf, Eberhard R. AND Mimkes, Julika AND Schottm\"uller, Helmut},
title    = {{Zu einem verlustfreien Publizieren und Archivieren mathematischer Aussagen in eLearning-Modulen}},
booktitle = {{Workshop BMBF-Projekt physik-multimedial}},
url = {http://www.isn-oldenburg.de/~hilf/vortraege/guestrow03/guestrow03-scroll.html},
note   = {{Guestrow; Vortrag}},
year   = 2003
}
                          
%2002-2
@Misc{Hilf2002b,
key        = {inf},
title      = {{Zu einem verlustfreien Publizieren und Archivieren -- Mathematische Aussagen in Physik und Chemie}},
author     =   {Hilf, Eberhard R.  and Mimkes, Julika},
publisher  = {{Workshop an der Staats- und Universit"ats-Bibliothek (SUB) G\"ottingen: MathDiss International}},
url        = {http://www.isn-oldenburg.de/\~hilf/vortraege/mathdiss02/},
year       = 2002
}

