@Misc{stex,
key   = {stex},
author = {Michael Kohlhase},
title  = {STEX Tutorial},
note   = {Tutorial to the KWARC group},
year   = {2008}
}

