% http://www.physik.uni-oldenburg.de/Docs/home/lecture/Math-Meth/mmdp2-ebs/section3_2.html
% mmdp2-ebs.pdf in physnet:// Beginn eines Manuskriptes

%KLeihaus Diplomarbeit
 

@bool{Nolting,
title={Grundkurs: {T}heoretische {P}hysik IV: spez.{R}el.th., {T}hermodynamik},
author={W. Nolting},
publisher={Verlag Zimmermann-Neufang},
year={1991},
}
@book{Ebert,
title={Mathematische Methoden der Physik},
author={R. Ebert, R. G\"obel},
publisher={Skript U. W\"urzburg},
year={1970}
}
@book{Mittelstaedt,
title = {Klassische Mechanik},
author={P. Mittelst\"adt},
publisher={BI Wissenschaftsverlag Mannheim},
year ={1967?},
note={vergriffen},
}
@book{Grossmann,
title={Mathematischer Einf\"uhrungskurs f\"ur die {P}hysik},
author={S.Gro{\ss }mann},
publisher={Teubner Studienb\"ucher Physik},
year= {1988},
}
@book{Dennery,
title={Msthematics for  physicists},
author={P. Dennery and A. Krzywicki},
publisher={Harper International},
year={1967},
}
@book{Henley,
title={Teilchen und Kerne},
author={H. Frauenfelder and E. M. Henley},
publisher={Oldenbourg},
year={1979},
}
@book{Reif,
title={Kern- und Teilchenphysik},
author={G. Musiol, J. Ranft, R. Reif, D. Seeliger},
publisher={VCH},
year={1988},
}
@book{Behrendt,
title={Mathematik f\"ur {P}hysiker: {B}and I und II},
author={Gerhardt Behrendt and Evelyn Weimar-Woods},
publisher={VCH},
year= {1990},
}
@book{hilf-75-1,
title={klassische {M}echanik I},
autor= {E. R. Hilf},
publisher={skript, T. H. Darmstadt},
year ={1975?},
}
@book{Szillat,
title={SGML, eine praktische {E}inf\"uhrung},
author= {H. Szillat},
publisher={Thomson Publishing},
year={1995},
}

@Article{wigner,
key       = {physics},
author    = {Eugene Wigner},
title     = {The unreasonable Effecitveness of Mathematics in the Natural Sciences},
journal   = {Communications in pure and applied mathematics},
volume    = {13, No.1},
publisher = {John Wiley and Sons Inc.},
year      = {1960}
}

@Misc{kyryliuk,
key       = {physics},
author    = {Kyryliuk, A.P.},
title     = {Publications on Content Complexity of and exponential growth of scientific knowledge},
journal   = {ArXiv},
url       = {http://arXiv.org/find/quant-ph,gr-qc,physics/1/au:+Kirilyuk/0/1/0/
all/0/1},
year      = [1998 - 2006}
} 
